[gd_scene load_steps=3 format=2]

[ext_resource path="res://scenes/actors/Bug.tscn" type="PackedScene" id=1]
[ext_resource path="res://scenes/objects/PlatformColor.tscn" type="PackedScene" id=2]

[node name="Level 0 0" type="Node2D"]

[node name="Bug" parent="." instance=ExtResource( 1 )]
position = Vector2( 112, 160 )

[node name="Platform" parent="." instance=ExtResource( 2 )]
position = Vector2( 160, 312 )

[node name="Platform2" parent="." instance=ExtResource( 2 )]
position = Vector2( 568, 408 )

[node name="Platform3" parent="." instance=ExtResource( 2 )]
position = Vector2( 984, 360 )

[node name="Platform4" parent="." instance=ExtResource( 2 )]
position = Vector2( 1344, 272 )

[node name="Platform6" parent="." instance=ExtResource( 2 )]
position = Vector2( 1696, 272 )

[node name="Platform9" parent="." instance=ExtResource( 2 )]
position = Vector2( 1824, 400 )

[node name="Platform8" parent="." instance=ExtResource( 2 )]
position = Vector2( 2000, 256 )
scale = Vector2( 0.1, 10 )

[node name="Platform7" parent="." instance=ExtResource( 2 )]
position = Vector2( 1728, 112 )
scale = Vector2( 1.6, 1 )

[node name="Platform5" parent="." instance=ExtResource( 2 )]
position = Vector2( 880, 112 )

[editable path="Bug"]
[editable path="Bug/BugUI/Interface"]
[editable path="Bug/BugUI/Interface/CoinCounter"]
