[gd_scene load_steps=7 format=2]

[ext_resource path="res://resources/bg/beach/0.png" type="Texture" id=1]
[ext_resource path="res://resources/bg/beach/5.png" type="Texture" id=2]
[ext_resource path="res://resources/bg/beach/1.png" type="Texture" id=3]
[ext_resource path="res://resources/bg/beach/4.png" type="Texture" id=4]
[ext_resource path="res://resources/bg/beach/2.png" type="Texture" id=5]
[ext_resource path="res://resources/bg/beach/3.png" type="Texture" id=6]

[node name="BeachBackground" type="ParallaxBackground"]

[node name="Sky" type="ParallaxLayer" parent="."]
motion_mirroring = Vector2( 1280, 0 )

[node name="Sprite" type="Sprite" parent="Sky"]
texture = ExtResource( 1 )
centered = false

[node name="Clouds" type="ParallaxLayer" parent="."]
motion_scale = Vector2( 1.01, 1 )
motion_mirroring = Vector2( 1280, 0 )

[node name="Sprite" type="Sprite" parent="Clouds"]
texture = ExtResource( 3 )
centered = false

[node name="Mountains" type="ParallaxLayer" parent="."]
motion_scale = Vector2( 1.05, 1.01 )
motion_mirroring = Vector2( 1280, 0 )

[node name="Sprite" type="Sprite" parent="Mountains"]
position = Vector2( 0, -1 )
texture = ExtResource( 5 )
centered = false
offset = Vector2( 0, -100 )

[node name="ForestBack" type="ParallaxLayer" parent="."]
motion_scale = Vector2( 1.055, 1.02 )
motion_mirroring = Vector2( 1280, 0 )

[node name="Sprite" type="Sprite" parent="ForestBack"]
position = Vector2( 0, 8 )
texture = ExtResource( 6 )
centered = false

[node name="ForestFront" type="ParallaxLayer" parent="."]
motion_scale = Vector2( 1.05, 1.02 )
motion_mirroring = Vector2( 1280, 0 )

[node name="Sprite" type="Sprite" parent="ForestFront"]
texture = ExtResource( 4 )
centered = false

[node name="Sand" type="ParallaxLayer" parent="."]
motion_scale = Vector2( 1, 1.01 )
motion_mirroring = Vector2( 1280, 0 )

[node name="Sprite" type="Sprite" parent="Sand"]
texture = ExtResource( 2 )
centered = false
